
\bibliographystyle{./IEEEtran}
\bibliography{./IEEEabrv,./DB}
}
@article{s1,
  title={Why Google Cloud Platform. },
  year={12014-04-05},
 \url{(https://cloud.google.com/why-google/).cloud.google.com}
}
}
@article{s2,
  title={	Google Cloud Products  },
  year={Retrieved 2017-06-02..},
  url={(https://cloud.google.com/products/). cloud.google.com.}
}
}
@article{s3,
  title={Cloud Pub/Sub - Message-Oriented Middleware Google Cloud Platform },
  url={https://cloud.google.com/free/docs/frequently-asked-questions }
}
}
@article{s5,
  title={Google Brings Serverless Computing To Its Cloud Platform/janakirammsv/2016/02/0
9/google-brings-serverless-computing-to-its-cloud-platform },
  year={Retrieved 2 June 2017},
  url={(https://www.forbes.com/sites}
}
}
@article{s6,
title={ Map Microsoft Azure services to Google Cloud Platform products.},
year={ Retrieved 14 April 2017.}
}
}
@article{s7,
title={ Introducing Google App Engine + our new blog". Google Developer Blog.
 2008-04-07.},
year={ Retrieved 2014-04-05.}
}
}
@article{s8,
	title={ Google To Launch Amazon S3 Competitor 'Google Storage' At I/O.},
	auther={Kincaid, Jason.},
	year={ Retrieved 2 June 2016.}
	}
	}
@article{s9,
	title={Introducing the Google Cloud Platform Partner Program: Helping businesses move to the cloud. Google Enterprise Blog. 2012-07-24.},
	year={ Retrieved 2014-04-05.}
	}
	}
@article{s10,
	title={Whoopsie! Google App Engine goes down. GigaOM. 2012-10-26. },
	year={Retrieved 2014-04-05.}
	}
	}
@article{s11,
	title={Google opens up its BigQuery data analytics service to all. GigaOM. 2012-04-01.},
	year={ Retrieved 2014-04-05.}
	}
	}
@article{s12,
	title={Google Compute Engine is now Generally Available with expanded OS support, transparent maintenance, and lower prices". Google Developers Blog. 2013-12-02.},
	year={ Retrieved 2014-04-05.}
	}
	}
@article{s13,
	title={ Cloud SQL now Generally Available with an SLA, 500GB databases, and encryption. Google Cloud Platform Blog. 2014-02-11. },
	year={Retrieved 2014-04-05.}
	}
	}
@article{s14,
	title={Google Cloud Platform Live â€“ Blending IaaS and PaaS, Moore's Law for the cloud. Google Cloud Platform Blog. 2014-03-25.},
	year={ Retrieved 2014-04-05.}
	}
	}
@article{s15,
	title{Bringing together the best of PaaS and IaaS. Google Cloud Platform Blog. 2014-03-27.} year={Retrieved 2014-04-05.},
	}
	}
@article{s16,
	title={Google has quietly launched its answer to AWS Lambda.}
	}
	}
@article{s17,
	title={Google Cloud Dataproc managed Spark and Hadoop service now GA.}
	}
	}
@article{s18,
	 title={Google Cloud Machine Learning family grows with new API, editions and pricing. Google Cloud Platform Blog. },
	 year={Retrieved 2018-01-04}
	 }



}

